@INPROCEEDINGS{knuth-attribute-grammars,
    author = {Donald E. Knuth},
    title = {Semantics of Context-Free Languages},
    booktitle = {In Mathematical Systems Theory},
    year = {1968},
    pages = {127--145}
}

@article{strachey,
  author    = {Christopher Strachey},
  title     = {Fundamental Concepts in Programming Languages},
  journal   = {High. Order Symb. Comput.},
  volume    = {13},
  number    = {1/2},
  pages     = {11--49},
  year      = {2000},
  url       = {https://doi.org/10.1023/A:1010000313106},
  doi       = {10.1023/A:1010000313106},
  timestamp = {Thu, 05 Mar 2020 12:05:03 +0100},
  biburl    = {https://dblp.org/rec/journals/lisp/Strachey00.bib},
  bibsource = {dblp computer science bibliography, https://dblp.org}
}

@unpublished{dmr-lvals,
 author = "Dennis Ritchie",
 title = "The development of the {C} language",
 note = "https://www.bell-labs.com/usr/dmr/www/chist.html"}

@book{baader:nipkow,
   AUTHOR    = {Franz Baader and Tobias Nipkow},
   TITLE     = {Term Rewriting and all that},
   YEAR      = 1998,
   PUBLISHER = {Cambridge University Press}
}

@inproceedings{everparse,
  author    = {Tahina Ramananandro and
               Antoine Delignat{-}Lavaud and
               C{\'{e}}dric Fournet and
               Nikhil Swamy and
               Tej Chajed and
               Nadim Kobeissi and
               Jonathan Protzenko},
  editor    = {Nadia Heninger and
               Patrick Traynor},
  title     = {EverParse: Verified Secure Zero-Copy Parsers for Authenticated Message
               Formats},
  booktitle = {28th {USENIX} Security Symposium, {USENIX} Security 2019, Santa Clara,
               CA, USA, August 14-16, 2019},
  pages     = {1465--1482},
  publisher = {{USENIX} Association},
  year      = {2019},
  url       = {https://www.usenix.org/conference/usenixsecurity19/presentation/delignat-lavaud},
  timestamp = {Mon, 01 Feb 2021 08:43:12 +0100},
  biburl    = {https://dblp.org/rec/conf/uss/RamananandroDFS19.bib},
  bibsource = {dblp computer science bibliography, https://dblp.org}
}

@inproceedings{hardin-slind-safecomp-2016,
  author    = {David S. Hardin and
               Konrad Slind and
               Mark Bortz and
               James Potts and
               Scott Owens},
  editor    = {Amund Skavhaug and
               J{\'{e}}r{\'{e}}mie Guiochet and
               Friedemann Bitsch},
  title     = {A High-Assurance, High-Performance Hardware-Based Cross-Domain System},
  booktitle = {Computer Safety, Reliability, and Security - 35th International Conference,
               {SAFECOMP} 2016, Trondheim, Norway, September 21-23, 2016, Proceedings},
  series    = {Lecture Notes in Computer Science},
  volume    = {9922},
  pages     = {102--113},
  publisher = {Springer},
  year      = {2016},
  url       = {https://doi.org/10.1007/978-3-319-45477-1\_9},
  doi       = {10.1007/978-3-319-45477-1\_9},
  timestamp = {Tue, 14 May 2019 10:00:44 +0200},
  biburl    = {https://dblp.org/rec/conf/safecomp/HardinSBPO16.bib},
  bibsource = {dblp computer science bibliography, https://dblp.org}
}

@article{narcissus-encode-decode,
  author    = {Benjamin Delaware and
               Sorawit Suriyakarn and
               Cl{\'{e}}ment Pit{-}Claudel and
               Qianchuan Ye and
               Adam Chlipala},
  title     = {Narcissus: correct-by-construction derivation of decoders and encoders
               from binary formats},
  journal   = {Proc. {ACM} Program. Lang.},
  volume    = {3},
  number    = {{ICFP}},
  pages     = {82:1--82:29},
  year      = {2019},
  url       = {https://doi.org/10.1145/3341686},
  doi       = {10.1145/3341686},
  timestamp = {Mon, 26 Oct 2020 08:21:45 +0100},
  biburl    = {https://dblp.org/rec/journals/pacmpl/DelawareSPYC19.bib},
  bibsource = {dblp computer science bibliography, https://dblp.org}
}

@inproceedings{trevor-jim-dependent-parsing,
  author    = {Trevor Jim and
               Yitzhak Mandelbaum},
  editor    = {Gilles Barthe},
  title     = {A New Method for Dependent Parsing},
  booktitle = {Programming Languages and Systems - 20th European Symposium on Programming,
               {ESOP} 2011, Held as Part of the Joint European Conferences on Theory
               and Practice of Software, {ETAPS} 2011, Saarbr{\"{u}}cken, Germany,
               March 26-April 3, 2011. Proceedings},
  series    = {Lecture Notes in Computer Science},
  volume    = {6602},
  pages     = {378--397},
  publisher = {Springer},
  year      = {2011},
  url       = {https://doi.org/10.1007/978-3-642-19718-5\_20},
  doi       = {10.1007/978-3-642-19718-5\_20},
  timestamp = {Sat, 19 Oct 2019 20:28:04 +0200},
  biburl    = {https://dblp.org/rec/conf/esop/JimM11.bib},
  bibsource = {dblp computer science bibliography, https://dblp.org}
}

@INPROCEEDINGS{parsley:sri,
 author={Mundkur, Prashanth and Briesemeister, Linda and Shankar, Natarajan and
         Anantharaman, Prashant and Ali, Sameed and Lucas, Zephyr and Smith, Sean},
booktitle={2020 IEEE Security and Privacy Workshops (SPW)},
title={Research Report: The Parsley Data Format Definition Language},
year={2020},
volume={},
number={},
pages={300-307},
 doi = {10.1109/SPW50608.2020.00064}}

@INPROCEEDINGS{verified:protocolbuffer,
author = {Qianchuan Ye and Benjamin Delaware},
title  = {A Verified ProtocolBuffer Compiler},
booktitle = {Proceedings of the 8th ACM SIGPLAN International Conference on Certified Programs and
Proofs (CPP â€™19)},
month = {January},
year  = {2019},
isbn = {9781450362221},
publisher = {Association for Computing Machinery}}

@article{pads:ddl,
author = {Fisher, Kathleen and Mandelbaum, Yitzhak and Walker, David},
title = {The next 700 Data Description Languages},
year = {2010},
issue_date = {January 2010},
publisher = {Association for Computing Machinery},
address = {New York, NY, USA},
volume = {57},
number = {2},
issn = {0004-5411},
url = {https://doi.org/10.1145/1667053.1667059},
doi = {10.1145/1667053.1667059},
journal = {J. ACM},
month = feb,
articleno = {10},
numpages = {51},
keywords = {data processing, ad hoc data formats, data description languages, domain-specific languages, dependent types, context-sensitive grammars, data-dependent grammars, Parsing, PADS}
}

@inproceedings{case:hicss,
   AUTHOR    = {K. Slind and D. Hardin and J.A. Pohjola and M. Sproul},
   TITLE     = {Synthesis of verified architectural components for autonomy hosted on a verified microkernel},
   BOOKTITLE = {Hawaii International Conference on System Sciences},
   MONTH     = {January},
   YEAR      = 2020}

@article{dershowitz:manna,
   AUTHOR = {Nachum Dershowitz and Zohar Manna},
   TITLE  = {Proving Termination with Multiset Orderings},
  JOURNAL = {CACM},
  VOLUME  = {22},
  NUMBER  = {8},
  PAGES   = {465-476},
  YEAR    = {1979}
}

@inproceedings{jrh:ind-defs,
   AUTHOR    = {John Harrison},
   TITLE     = {Inductive definitions: automation and application},
   BOOKTITLE = {Proceedings of the 1995 International Workshop on Higher Order Logic theorem proving and its applications},
   EDITOR    = {E. Thomas Schubert and Phillip J. Windley and James Alves-Foss},
   YEAR      = 1995,
   ADDRESS   = {Aspen Grove, Utah},
   PUBLISHER = {Springer-Verlag},
   SERIES    = {LNCS},
   NUMBER    = {971},
   PAGES     = {200-213}
}

@inproceedings{cakeML:popl14,
  author = {Ramana Kumar and Magnus O. Myreen and Michael Norrish and Scott Owens},
  title = {{CakeML}: A Verified Implementation of {ML}},
  month = jan,
  year = 2014,
  pages = {179--191},
  publisher = {ACM Press},
  booktitle = {POPL '14: Proceedings of the 41st ACM SIGPLAN-SIGACT Symposium on Principles of Programming Languages},
  doi = {10.1145/2535838.2535841}}
